@article{openpbta,
	title = {OpenPBTA: The Open Pediatric Brain Tumor Atlas},
	journal = {Cell Genomics},
	volume = {3},
	number = {7},
	pages = {100340},
	year = {2023},
	issn = {2666-979X},
	doi = {10.1016/j.xgen.2023.100340},
	author = {Joshua A. Shapiro and Krutika S. Gaonkar and Stephanie J. Spielman and Candace L. Savonen and Chante J. Bethell and Run Jin and Komal S. Rathi and Yuankun Zhu and Laura E. Egolf and Bailey K. Farrow and Daniel P. Miller and Yang Yang and Tejaswi Koganti and Nighat Noureen and Mateusz P. Koptyra and Nhat Duong and Mariarita Santi and Jung Kim and Shannon Robins and Phillip B. Storm and Stephen C. Mack and Jena V. Lilly and Hongbo M. Xie and Payal Jain and Pichai Raman and Brian R. Rood and Rishi R. Lulla and Javad Nazarian and Adam A. Kraya and Zalman Vaksman and Allison P. Heath and Cassie Kline and Laura Scolaro and Angela N. Viaene and Xiaoyan Huang and Gregory P. Way and Steven M. Foltz and Bo Zhang and Anna R. Poetsch and Sabine Mueller and Brian M. Ennis and Michael Prados and Sharon J. Diskin and Siyuan Zheng and Yiran Guo and Shrivats Kannan and Angela J. Waanders and Ashley S. Margol and Meen Chul Kim and Derek Hanson and Nicholas {Van Kuren} and Jessica Wong and Rebecca S. Kaufman and Noel Coleman and Christopher Blackden and Kristina A. Cole and Jennifer L. Mason and Peter J. Madsen and Carl J. Koschmann and Douglas R. Stewart and Eric Wafula and Miguel A. Brown and Adam C. Resnick and Casey S. Greene and Jo Lynne Rokita and Jaclyn N. Taroni}
}

@article{bmc2021,
	doi = {10.1186/s12862-021-01931-5},
	year = 2021,
	month = {aug},
	publisher = {Cold Spring Harbor Laboratory},
	author = {Stephanie J. Spielman and Molly L. Miraglia},
	title = {Relative model selection of evolutionary substitution models can be sensitive to multiple sequence alignment uncertainty}
}

@article{mbe2020,
	doi = {10.1093/molbev/msaa075},
	year = 2020,
	volume = {37},
	number = {7},
	pages = {2110--2123},
	author = {Stephanie J Spielman},
	title = {Relative Model Fit Does Not Predict Topological Accuracy in Single-Gene Protein Phylogenetics},
	journal = {Molecular Biology and Evolution}
}

@article{dragon,
	doi = {10.3389/feart.2020.585087},
	year = 2020,
	author = {Stephanie J. Spielman and Eli K. Moore},
	title = {{dragon}: A New Tool for Exploring Redox Evolution Preserved in the Mineral Record},
	journal = {Frontiers in Earth Science}
}

@article{mbe2018,
	doi = {10.1093/molbev/msy127},
    author = {Spielman, Stephanie J and Kosakovsky Pond, Sergei L},
    title = {Relative Evolutionary Rates in Proteins Are Largely Insensitive to the Substitution Model},
    journal = {Molecular Biology and Evolution},
    volume = {35},
    number = {9},
    pages = {2307-2317},
    year = {2018},
    doi = {10.1093/molbev/msy127}
}



@article{mbe2016,
	doi = {10.1093/molbev/msw171},
	year = 2016,
	volume = {33},
	number = {11},
	pages = {2990--3002},
	author = {Stephanie J. Spielman and Claus O. Wilke},
	title = {Extensively Parameterized Mutation{\textendash}Selection Models Reliably Capture Site-Specific Selective Constraint},
	journal = {Molecular Biology and Evolution}
}

@article{nrg2016,
	doi = {10.1038/nrg.2015.18},
	year = 2016,
	volume = {17},
	number = {2},
	pages = {109--121},
	author = {Julian Echave and Stephanie J. Spielman and Claus O. Wilke},
	title = {Causes of evolutionary rate variation among protein sites},
	journal = {Nature Reviews Genetics}
}

@article{ve2015,
	doi = {10.1093/ve/vev006},
	year = 2015,
	volume = {1},
	number = {1},
	pages = {vev006},
	author = {Austin G. Meyer and Stephanie J. Spielman and Trevor Bedford and Claus O. Wilke},
	title = {Time dependence of evolutionary metrics during the 2009 pandemic influenza virus outbreak},
	journal = {Virus Evolution}
}

@article{pyvolve,
	doi = {10.1371/journal.pone.0139047},
	year = 2015,
	volume = {10},
	number = {9},
	pages = {e0139047},
	author = {Stephanie J. Spielman and Claus O. Wilke},
	title = {{pyvolve}: A Flexible Python Module for Simulating Sequences along Phylogenies},
	journal = {{PLOS} {ONE}}
}

@article{mbe2015,
	doi = {10.1093/molbev/msv003},
	year = 2015,
	volume = {32},
	number = {4},
	pages = {1097--1108},
	author = {Stephanie J. Spielman and Claus O. Wilke},
	title = {The Relationship between {dN}/{dS} and Scaled Selection Coefficients},
	journal = {Molecular Biology and Evolution}
}
